<?xml version='1.0' encoding='UTF-8'?>
<record xmlns="http://www.loc.gov/MARC21/slim">
  <leader>00768cam a2200217 a 4500</leader>
  <controlfield tag="001">856126</controlfield>
  <controlfield tag="003">NjP</controlfield>
  <controlfield tag="005">20170619131133.0</controlfield>
  <controlfield tag="008">931214s1913    ua            000 0 ara d</controlfield>
  <datafield tag="024" ind1="7" ind2=" ">
    <subfield code="a">princeton_aco002646</subfield>
    <subfield code="2">local</subfield>
  </datafield>
  <datafield ind1=" " ind2=" " tag="035">
    <subfield code="a">(OCoLC)29685613</subfield>
  </datafield>
  <datafield ind1=" " ind2=" " tag="035">
    <subfield code="a">(CStRLIN)NJPG93-B67149</subfield>
  </datafield>
  <datafield ind1=" " ind2=" " tag="035">
    <subfield code="9">CAX1375TS</subfield>
  </datafield>
  <datafield ind1=" " ind2=" " tag="040">
    <subfield code="a">NjP</subfield>
    <subfield code="c">NjP</subfield>
  </datafield>
  <datafield ind1="1" ind2=" " tag="100">
    <subfield code="a">Jawharī, Ṭanṭāwī,</subfield>
    <subfield code="d">1862-1940.</subfield>
    <subfield code="0">http://id.loc.gov/authorities/names/n85155854</subfield>
  </datafield>
  <datafield ind1="1" ind2="0" tag="245">
    <subfield code="a">Sawāniḥ al-Jawharī /</subfield>
    <subfield code="c">taʾlīf Ṭanṭāwī Jawharī.</subfield>
  </datafield>
  <datafield ind1=" " ind2=" " tag="250">
    <subfield code="a">al-Ṭabʻah 1.</subfield>
  </datafield>
  <datafield ind1=" " ind2=" " tag="260">
    <subfield code="a">Miṣr :</subfield>
    <subfield code="b">Maktabat al-Taʾlīf,</subfield>
    <subfield code="c">1913.</subfield>
  </datafield>
  <datafield ind1=" " ind2=" " tag="300">
    <subfield code="a">144 p. ;</subfield>
    <subfield code="c">20 cm.</subfield>
  </datafield>
  <datafield ind1=" " ind2="0" tag="650">
    <subfield code="a">Love.</subfield>
    <subfield code="0">http://id.loc.gov/authorities/subjects/sh85078519</subfield>
  </datafield>
  <datafield ind1=" " ind2=" " tag="998">
    <subfield code="a">01/11/94</subfield>
    <subfield code="s">9114</subfield>
    <subfield code="n">NjP</subfield>
    <subfield code="w">NJPG93B67149</subfield>
    <subfield code="d">12/14/93</subfield>
    <subfield code="c">KC</subfield>
    <subfield code="b">JAB</subfield>
    <subfield code="i">940111</subfield>
    <subfield code="l">NJPG</subfield>
  </datafield>
  <datafield ind1=" " ind2=" " tag="911">
    <subfield code="a">19940120</subfield>
  </datafield>
  <datafield ind1=" " ind2=" " tag="912">
    <subfield code="a">19940111000000.0</subfield>
  </datafield>
  <datafield ind1="0" ind2="0" tag="852">
    <subfield code="0">975655</subfield>
    <subfield code="b">rcppa</subfield>
    <subfield code="t">1</subfield>
    <subfield code="h">BF575.L8</subfield>
    <subfield code="i">J383 1913</subfield>
    <subfield code="x">tr fr anxa</subfield>
  </datafield>
  <datafield ind1=" " ind2=" " tag="959">
    <subfield code="a">2000-06-13 00:00:00 -0500</subfield>
  </datafield>
</record>
